<?xml version="1.0" encoding="UTF-8"?><collection xmlns="http://www.loc.gov/MARC21/slim"><record><leader>00417nam--2200145-i-4500</leader><controlfield tag="001">000042027</controlfield><controlfield tag="002">20161230</controlfield><controlfield tag="005">20161230201043</controlfield><controlfield tag="008">060222s1000------------r-----000-0-eng-d</controlfield><datafield ind1=" " ind2=" " tag="080"><subfield code="a">517.9:517.544:539.19</subfield></datafield><datafield ind1="1" ind2=" " tag="100"><subfield code="a">Sneddon,Ian N</subfield></datafield><datafield ind1="1" ind2="0" tag="245"><subfield code="a">Mixed boundary value problems in potential theory</subfield></datafield><datafield ind1=" " ind2=" " tag="260"><subfield code="a">Amsterdam,North-holland Publ.Comp.,1966. Viii + 283 P</subfield></datafield><datafield ind1=" " ind2=" " tag="852"><subfield code="a">24840</subfield><subfield code="c">517</subfield></datafield><datafield ind1=" " ind2=" " tag="CAT"><subfield code="a">Sys</subfield><subfield code="c">20080618</subfield><subfield code="h">092130</subfield></datafield></record></collection>